@misc{1,
	author = " Antonio Ángel Ramos, Jean Paul García-Morán, Fernando Picouto,
	Jacinto Grijalba, Maikel Mayan, Ángel García, Eduardo Inza y Carlos Alberto
	Barbero",
	title = "{I}nstala, administra, securiza y virtualiza {ENTORNOS LINUX}",
	journal ="Editorial Alfaomega Ra-Ma",
	year = "2009",
}

@article{2, 
auTHor = "", 
Title = "{D}iscover the {L}inux {K}ernel {V}irtual {M}achine {IBM}", 
publisher = "http://www.ibm.com/developerworks/linux/library/l-linux-kvm/", 
YEAR = 2011, 
} 

 
@misc{3,
	auTHor = "Evi Nemeth, Garth Snyder, Trent R. Hein y Ben Whaley", 
	title = "{U}nix {A}nd{L}inux {S}ystem {A}dministration {H}andbook",
	journal = "Editorial PrenticeHall",
	year = "2011",
}

@article{4, 
	auTHor = "", 
	Title = "{IBM} {B}lueprint: {KVM} {S}ecurity {F}irst {E}dition", 
	publisher = "http://publib.boulder.ibm.com/infocenter/lnxinfo/v3r0m0/topic/liaat/liaatsecurity_pdf.pdf", 
	YEAR = 2011, 
}

@article{5, 
	auTHor = "", 
	Title = "{IBM} {B}lueprint: {KVM} {T}unning {KVM} for performance", 
	publisher = "http://publib.boulder.ibm.com/infocenter/lnxinfo/v3r0m0/topic/liaat/liaattuning_
	pdf.pdf", 
	YEAR = 2011, 
}

@article{6, 
	auTHor = "", 
	Title = "{K}ernelthread.com: {A} {T}aste of {C}omputer {S}ecurity by {A}mit {S}ingh", 
	publisher = "http://www.kernelthread.com/publications/security/ac.html", 
	YEAR = 2012, 
}

@article{7, 
	auTHor = "", 
	Title = "{L}inuxCon: {S}ecure virtualization with s{V}irt", 
	publisher = "", 
	YEAR = 2011, 
}

@article{8, 
	auTHor = "", 
	Title = "{Q}umranet: {KVM}: {K}ernel-based {V}irtualization Driver {W}hitepaper", 
	publisher = "http://www.linuxinsight.com/files/kvm_whitepaper.pdf", 
	YEAR = 2011, 
}


       







