@article{RC, 
	author = {A. Rodríguez},
	title = {Recuperada en clases de recuperación},
	journal = {Clase de Ignácio},
	year = {2017},
} 

@article{RV, 
	author = {A. Rodríguez V.Moreno},
	title = {Recuperada en clases de recuperación},
	journal = {Clase de Ignácio},
	year = {2017},
} 

@article{IA, 
	author = {A. Rodríguez},
	title = {Realizada individualmente},
	journal = {Clases de Daniel},
	year = {2017},
} 

@article{IV, 
	author = {A. Rodríguez P.Morales},
	title = {Realizada en pareja},
	journal = {Clase de Daniel},
	year = {2017},
} 

@article{2c,
       author = {A. Rodríguez y V. Moreno},
       title = {Práctica hecha con compañero},
       journal = {Clase de Daniel},
       year = {2017},
}
       
@article{error1,
	author = {A. Rodríguez V.Moreno},
	title = {Errores raros, se sobrecarga con muy poca energía},
	journal = {Clase de Daniel},
	year = {2017},
}